@ONLINE{offens,
	URL = "competitions.codalab.org/competitions/20011",
	AUTHOR = "{SemEval}",
	TITLE = "{SemEval - OffensEval: Identifying and Categorizing Offensive Language in Social Media}",
	YEAR = "2019",
}